@article{bloomfield2016quantifying,
  title={Quantifying the increasing sensitivity of power systems to climate variability},
  author={Bloomfield, Hannah C and Brayshaw, David J and Shaffrey, Len C and Coker, Phil J and Thornton, HE},
  journal={Environmental Research Letters},
  volume={11},
  number={12},
  pages={124025},
  year={2016},
  publisher={IOP Publishing}
}

@techreport{national_grid_winter_2022,
	title = {Winter {Outlook} {Report} 2022/2023},
	url = {https://www.nationalgrideso.com/document/268346/download},
	author = {{National Grid}},
	month = oct,
	year = {2022},
}

@article{copernicus_climate_change_service_c3s_european_2022,
	title = {European {State} of the {Climate} 2021 {Summary}},
	url = {https://climate.copernicus.eu/european-state-climate-2021-summary},
	doi = {10.21957/9D7G-HN83},
	urldate = {2022-11-30},
	author = {Copernicus Climate Change Service (C3S)},
	year = {2022},
	note = {Publisher: Copernicus Climate Change Service (C3S)},
}

@article{eade2014seasonal,
  title={Do seasonal-to-decadal climate predictions underestimate the predictability of the real world?},
  author={Eade, Rosie and Smith, Doug and Scaife, Adam and Wallace, Emily and Dunstone, Nick and Hermanson, Leon and Robinson, Niall},
  journal={Geophysical Research Letters},
  volume={41},
  number={15},
  pages={5620--5628},
  year={2014},
  publisher={Wiley Online Library}
}

@article{smith2020north,
  title={North Atlantic climate far more predictable than models imply},
  author={Smith, Doug M and Scaife, Adam A and Eade, Rosie and Athanasiadis, P and Bellucci, Alessio and Bethke, I and Bilbao, R and Borchert, LF and Caron, L-P and Counillon, F and others},
  journal={Nature},
  volume={583},
  number={7818},
  pages={796--800},
  year={2020},
  publisher={Nature Publishing Group UK London}
}

@article{clark2017skilful,
  title={Skilful seasonal predictions for the European energy industry},
  author={Clark, Robin T and Bett, Philip E and Thornton, Hazel E and Scaife, Adam A},
  journal={Environmental Research Letters},
  volume={12},
  number={2},
  pages={024002},
  year={2017},
  publisher={IOP Publishing}
}

@article{thornton2019skilful,
  title={Skilful seasonal prediction of winter gas demand},
  author={Thornton, Hazel Elizabeth and Scaife, AA and Hoskins, BJ and Brayshaw, DJ and Smith, DM and Dunstone, Nick and Stringer, Nicky and Bett, Philip E},
  journal={Environmental Research Letters},
  volume={14},
  number={2},
  pages={024009},
  year={2019},
  publisher={IOP Publishing}
}


